<?xml version="1.0" encoding="UTF-8"?><collection xmlns="http://www.loc.gov/MARC21/slim"><record><leader>00492nam--2200181-i-4500</leader><controlfield tag="001">000010775</controlfield><controlfield tag="002">20161230</controlfield><controlfield tag="005">20161230201028</controlfield><controlfield tag="008">060222s1000------------r-----000-0-eng-d</controlfield><datafield ind1=" " ind2=" " tag="040"><subfield code="a">IFIN-HH</subfield></datafield><datafield ind1=" " ind2=" " tag="080"><subfield code="a">517.512:53</subfield></datafield><datafield ind1="1" ind2=" " tag="100"><subfield code="a">Champeney,D.C</subfield></datafield><datafield ind1="1" ind2="0" tag="245"><subfield code="a">Fourier transforms and their physical applications</subfield><subfield code="c">D.c. champeney</subfield></datafield><datafield ind1=" " ind2=" " tag="260"><subfield code="a">London</subfield><subfield code="b">Academic Press</subfield><subfield code="c">1973</subfield></datafield><datafield ind1=" " ind2=" " tag="300"><subfield code="a">X + 256P</subfield></datafield><datafield ind1=" " ind2=" " tag="490"><subfield code="a">Techniques Of Physics Series</subfield></datafield><datafield ind1=" " ind2=" " tag="852"><subfield code="a">39258</subfield><subfield code="c">53</subfield></datafield><datafield ind1=" " ind2=" " tag="CAT"><subfield code="a">Sys</subfield><subfield code="c">20150316</subfield><subfield code="h">145117</subfield></datafield></record></collection>